
@article{cox2019evaluating,
  author      = {Cox, Sean and Holt, Kendra and Johnson, Sam},
  title 	  = {Evaluating the robustness of management procedures for the Sablefish (\emph{Anoplopoma fimbria}) fishery in British Columbia, Canada for 2017-18},
  journal     = {DFO Can. Sci. Advis. Sec. Res. Doc.},
  year        = {2019},
  volume      = {2019/032},
  pages       = {v + 79p}
}

@article{cox2013roles,
  author      = {Cox, Sean P and Kronlund, Allen R and Benson, Ashleen J},
  title 	  = {{The roles of biological reference points and operational control points in management procedures for the Sablefish (\emph{Anoplopoma fimbria}) fishery in British Columbia, Canada}},
  journal     = {Environmental Conservation},
  year        = {2013},
  volume      = {40},
  pages       = {318-328}
}

@article{cox2011management,
  author      = {Cox, SP and Kronlund, AR and Lacko, Lis},
  title 	  = {Management procedures for the multi-gear Sablefish (\emph{Anoplopoma fimbria}) fishery in British Columbia, Canada},
  journal     = {DFO Can. Sci. Advis. Sec. Res. Doc.},
  year        = {2011},
  volume      = {2011/063},
  pages       = {v + 45p}
}

@article{cox2009evaluation,
  author      = {Cox, SP and Kronlund, AR},
  title 	  = {Evaluation of interim harvest strategies for Sablefish (\emph{Anoplopoma fimbria}) in British Columbia, Canada for 2008/09},
  journal     = {DFO Can. Sci. Advis. Sec. Res. Doc.},
  year        = {2009},
  volume      = {2019/042},
  pages       = {v + 82p}
}

@article{cox2008practical,
  author      = {Cox, Sean P and Kronlund, Allen Robert},
  title 	  = {Practical stakeholder-driven harvest policies for groundfish fisheries in British Columbia, Canada},
  journal     = {Fisheries Research},
  year        = {2008},
  volume      = {94},
  pages       = {224-237}
}

@article{dfo2014performanc,
  author      = {DFO},
  title 	  = {Performance of a revised management procedure for Sablefish in British Columbia},
  journal     = {DFO Can. Sci. Advis. Sec. Res. Doc.},
  year        = {2014},
  volume      = {2014/025}
}

@article{DFO2009,
   author    = {DFO},
   title     = {A fishery decision-making framework incorporating the Precautionary Approach},
   journal   = {Fisheries and Oceans Canada},
   year      = {2009},
   volume    = {online},
   pages     = {(last reportedly modified 23 May 2009, however, figures have since changed)}
}

@article{hanselman2012statistical,
   author    = {Hanselman, Dana H and Clark, William G and Heifetz, Jonathan and Anderl, Delsa M},
   title     = {Statistical distribution of age readings of known-age Sablefish (\textit{Anoplopoma fimbria})},
   journal   = {Fisheries Research},
   year      = {2012},
   volume    = {131},
   pages     = {1-8}
}

@article{heifetz1999age,
   author    = {Heifetz, Johnathan and Anderl, Delsa and Maloney, NE and Rutecki, TL},
   title     = {Age validation and analysis of ageing error from marked and recaptured Sablefish, \textit{Anoplopoma fimbria}},
   journal   = {Fishery Bulletin},
   year      = {1999},
   volume    = {97},
   pages     = {256-263}
}

@article{lai1987effects,
	Author = {Lai, Han Lin and Gunderson, Donald R},
	Date-Added = {2019-10-01 16:42:49 -0700},
	Date-Modified = {2019-10-25 12:17:53 -0700},
	Journal = {Fisheries Research},
	Number = {2-3},
	Pages = {287--302},
	Title = {{Effects of ageing errors on estimates of growth, mortality and yield per recruit for walleye Pollock (\textit{Theragra chalcogramma})}},
	Volume = {5},
	Year = {1987}
}

@article{richards1992statistical,
	Author = {Richards, Laura J and Schnute, Jon T and Kronlund, AR and Beamish, Richard J},
	Date-Added = {2019-10-01 16:43:13 -0700},
	Date-Modified = {2019-10-25 12:09:51 -0700},
	Journal = {Canadian Journal of Fisheries and Aquatic Sciences},
	Number = {9},
	Pages = {1801--1815},
	Title = {Statistical models for the analysis of ageing error},
	Volume = {49},
	Year = {1992}
}

@article{tyler1989implications,
	Author = {Tyler, AV and Beamish, RJ and McFarlane, GA},
	Date-Added = {2019-10-01 16:43:49 -0700},
	Date-Modified = {2019-10-01 16:43:49 -0700},
	Journal = {Canadian Special Publication of Fisheries and Aquatic Sciences},
	Pages = {27--35},
	Title = {Implications of age determination errors to yield estimates},
	Volume = {108},
	Year = {1989}
}
